<record><leader>00000cas a22000007a 4500</leader><controlfield tag="001">11832408</controlfield><controlfield tag="008">850321d19111913iauwn ne      0    0eng d</controlfield><datafield ind1=" " ind2=" " tag="010"><subfield code="a">sn 85050767 </subfield></datafield><datafield ind1=" " ind2=" " tag="040"><subfield code="a">INP</subfield><subfield code="b">eng</subfield><subfield code="c">INP</subfield><subfield code="d">OCLCQ</subfield></datafield><datafield ind1=" " ind2=" " tag="042"><subfield code="a">msc</subfield></datafield><datafield ind1="0" ind2="0" tag="245"><subfield code="a">Ames daily intelligencer.</subfield></datafield><datafield ind1=" " ind2=" " tag="260"><subfield code="a">Ames, Iowa :</subfield><subfield code="b">F.R. and M.C. Conaway,</subfield><subfield code="c">1911-1913.</subfield></datafield><datafield ind1=" " ind2=" " tag="300"><subfield code="a">3 v. :</subfield><subfield code="b">ill. ;</subfield><subfield code="c">54 cm.</subfield></datafield><datafield ind1=" " ind2=" " tag="310"><subfield code="a">Daily (except Sunday)</subfield></datafield><datafield ind1="0" ind2=" " tag="362"><subfield code="a">Vol. 44, no. 32 (Nov. 9, 1911)-v. 46, no. 29 (Apr. 14, 1913).</subfield></datafield><datafield ind1=" " ind2=" " tag="752"><subfield code="a">United States</subfield><subfield code="b">Iowa</subfield><subfield code="c">Story</subfield><subfield code="d">Ames.</subfield></datafield><datafield ind1="0" ind2="0" tag="780"><subfield code="t">Ames intelligencer (Ames, Iowa : 1868)</subfield><subfield code="w">(DLC)sn 84037987</subfield></datafield><datafield ind1="0" ind2="0" tag="785"><subfield code="t">Ames intelligencer (Ames, Iowa : 1913)</subfield><subfield code="w">(DLC)sn 91056021</subfield></datafield></record>